@book{2000高频电子线路原理,
  title={高频电子线路原理},
  year={2000},
 keywords={高频},
 abstract={本书介绍了现代通信系统中所涉及的各种高频电子线路的功能、工作原理、性能特点和分析方法。},
}

@article{李国平2006谈谈高频电子线路教学,
  title={谈谈高频电子线路教学},
  author={李国平 and 武海艳},
  journal={科技信息},
  number={10},
  pages={131-132},
  year={2006},
 abstract={摘　要： 高频电子线路是一门理论性与实践性都很强的课程,既要求学生做好预习、听课、复习环节,又要求学生理论联系实际,做好实验、课程设计等实践环节。本文主要论迷了在高频电子线路教学中的几点体会。},
}

@book{2001高频电子线路实验与课程设计,
  title={高频电子线路实验与课程设计},
  year={2001},
 keywords={高频;电子电路},
 abstract={高频电子线路实验与课程设计（修订版），ISBN：9787810731454，作者：杨翠娥主编},
}

